@inbook{EngineeringStatsHandbook,
    author = {{Pham H}},
    title = {Handbook of Engineering Satistics},
    section = {1.3.5.17 Detection of Outliers},
    publisher = {Springer},
    year = {2006},
}

@article{10.1145/2133360.2133363,
    author = {Liu, Fei Tony and Ting, Kai Ming and Zhou, Zhi-Hua},
    title = {Isolation-Based Anomaly Detection},
    year = {2012},
    issue_date = {March 2012},
    publisher = {Association for Computing Machinery},
    address = {New York, NY, USA},
    volume = {6},
    number = {1},
    issn = {1556-4681},
    url = {https://doi.org/10.1145/2133360.2133363},
    doi = {10.1145/2133360.2133363},
    journal = {ACM Trans. Knowl. Discov. Data},
    month = mar,
    articleno = {3},
    numpages = {39},
    keywords = {isolation forest, random tree ensemble, outlier detection, Anomaly detection, ensemble methods, binary tree, isolation}
}

@incollection{NIPS2019_9710,
    title = {PIDForest: Anomaly Detection via Partial Identification},
    author = {Gopalan, Parikshit and Sharan, Vatsal and Wieder, Udi},
    booktitle = {Advances in Neural Information Processing Systems 32},
    editor = {H. Wallach and H. Larochelle and A. Beygelzimer and F. d\textquotesingle Alch\'{e}-Buc and E. Fox and R. Garnett},
    pages = {15809--15819},
    year = {2019},
    publisher = {Curran Associates, Inc.},
    url = {http://papers.nips.cc/paper/9710-pidforest-anomaly-detection-via-partial-identification.pdf}
}

@inproceedings{10.1145/3219819.3220083,
    author = {Siddiqui, Md Amran and Fern, Alan and Dietterich, Thomas G. and Wright, Ryan and Theriault, Alec and Archer, David W.},
    title = {Feedback-Guided Anomaly Discovery via Online Optimization},
    year = {2018},
    isbn = {9781450355520},
    publisher = {Association for Computing Machinery},
    address = {New York, NY, USA},
    url = {https://doi.org/10.1145/3219819.3220083},
    doi = {10.1145/3219819.3220083},
    booktitle = {Proceedings of the 24th ACM SIGKDD International Conference on Knowledge Discovery & Data Mining},
    pages = {2200–2209},
    numpages = {10},
    keywords = {anomaly detection on security, anomaly detection feedback, anomaly detection, online convex optimization, feedback in linear model},
    location = {London, United Kingdom},
    series = {KDD ’18}
}

@article{10.1561/2200000018,
    author = {Shalev-Shwartz, Shai},
    title = {Online Learning and Online Convex Optimization},
    year = {2012},
    issue_date = {February 2012},
    publisher = {Now Publishers Inc.},
    address = {Hanover, MA, USA},
    volume = {4},
    number = {2},
    issn = {1935-8237},
    url = {https://doi.org/10.1561/2200000018},
    doi = {10.1561/2200000018},
    journal = {Found. Trends Mach. Learn.},
    month = feb,
    pages = {107–194},
    numpages = {88}
}

@article{ellis_2011,
    title={Irredundant families of subcubes},
    volume={150},
    DOI={10.1017/S0305004110000678},
    number={2},
    journal={Mathematical Proceedings of the Cambridge Philosophical Society},
    publisher={Cambridge University Press},
    author={ELLIS, DAVID},
    year={2011},
    pages={257–272}
}

@ARTICLE{Prakash2017,
    author={Aaditya {Prakash} and Nick {Moran} and Solomon {Garber} and Antonella {DiLillo} and James {Storer}},
    title={Semantic Perceptual Image Compression using Deep Convolution Networks},
    year={2017}
}

@ARTICLE{Oquab2015,
    author={M. {Oquab} and L. {Bottou} and I. {Laptev} and J. {Sivic}},
    title={Is object localization for free? Weakly-supervised learning with convolutional neural networks},
    journal={Proceedings of the IEEE Conference on Computer Vision and Pattern Recognition},
    year={2015},
    pages={685-694}
}

@ARTICLE{Zhou2016,
    author = {B. {Zhou} and A. {Khosla} and A. {Lapedriza} and A. {Oliva} and A. {Torralba}},
    title = {Learning deep features for discriminative localization},
    journal = {IEEE Conference on Computer Vision and Pattern Recognition (CVPR)},
    year = {2016},
}

